<record><leader>03303cam a2200553 i 4500</leader><controlfield tag="001">6651169</controlfield><controlfield tag="003">OCoLC</controlfield><controlfield tag="005">20140726084122.0</controlfield><controlfield tag="006">m     o  d        </controlfield><controlfield tag="007">cr cnu---unuuu</controlfield><controlfield tag="008">140603s2015    pau     ob    000 0 eng d</controlfield><datafield ind1=" " ind2=" " tag="020"><subfield code="a">9781455737321 (electronic bk.)</subfield></datafield><datafield ind1=" " ind2=" " tag="020"><subfield code="a">1455737321 (electronic bk.)</subfield></datafield><datafield ind1=" " ind2=" " tag="020"><subfield code="z">9781455723683</subfield></datafield><datafield ind1=" " ind2=" " tag="020"><subfield code="z">1455723681</subfield></datafield><datafield ind1=" " ind2=" " tag="035"><subfield code="a">ocn880898228</subfield></datafield><datafield ind1=" " ind2=" " tag="039"><subfield code="a">exclude</subfield></datafield><datafield ind1=" " ind2=" " tag="040"><subfield code="a">OPELS</subfield><subfield code="b">eng</subfield><subfield code="e">rda</subfield><subfield code="e">pn</subfield><subfield code="c">OPELS</subfield><subfield code="d">BUF</subfield><subfield code="d">OPELS</subfield><subfield code="d">AEU</subfield></datafield><datafield ind1=" " ind2="4" tag="050"><subfield code="a">RD686</subfield></datafield><datafield ind1="1" ind2="4" tag="060"><subfield code="a">WE 860</subfield></datafield><datafield ind1="0" ind2="4" tag="082"><subfield code="a">617.581059</subfield><subfield code="2">23</subfield></datafield><datafield ind1=" " ind2=" " tag="090"><subfield code="a">Internet Access</subfield><subfield code="b">AEU</subfield></datafield><datafield ind1="1" ind2=" " tag="100"><subfield code="a">Scuderi, Giles R.,</subfield><subfield code="e">author.</subfield></datafield><datafield ind1="1" ind2="0" tag="245"><subfield code="a">Techniques in revision hip and knee arthroplasty /</subfield><subfield code="c">Giles R. Scuderi, Alfred J. Tria, Jr., William J. Long, Michael N. Kang.</subfield></datafield><datafield ind1=" " ind2="1" tag="264"><subfield code="a">Philadelphia, PA :</subfield><subfield code="b">Elsevier Saunders,</subfield><subfield code="c">[2015]</subfield></datafield><datafield ind1=" " ind2=" " tag="300"><subfield code="a">1 online resource.</subfield></datafield><datafield ind1=" " ind2=" " tag="336"><subfield code="a">text</subfield><subfield code="b">txt</subfield><subfield code="2">rdacontent</subfield></datafield><datafield ind1=" " ind2=" " tag="337"><subfield code="a">computer</subfield><subfield code="b">c</subfield><subfield code="2">rdamedia</subfield></datafield><datafield ind1=" " ind2=" " tag="338"><subfield code="a">online resource</subfield><subfield code="b">cr</subfield><subfield code="2">rdacarrier</subfield></datafield><datafield ind1=" " ind2=" " tag="504"><subfield code="a">Includes bibliographical references.</subfield></datafield><datafield ind1=" " ind2=" " tag="506"><subfield code="a">Access restricted to authorized users and institutions.</subfield></datafield><datafield ind1=" " ind2=" " tag="520"><subfield code="a">Techniques in Revision Hip and Knee Arthroplasty is the one authoritative volume that gives you an efficient, problem-based approach to revision arthroplasty of both the hip and knee. Dr. Giles Scuderi and other leading experts from North America and Western Europe present their favored surgical procedures and post-surgical management strategies in this straightforward, heavily illustrated, video-intensive reference. It's your one-stop, go-to guide for successful revision surgery for a myriad of complications, such as implant loosening, polyethylene wear, osteolysis, or infection of the hip and knee. Get expert guidance on implant choice, management of complications (including infection and wound healing), and failure of mechanisms, as well as step-by-step surgical techniques.Quickly find the exact information you need with a straightforward "just what you need to know" approach, including surgical tips and pearls.Stay up to date with new insights regarding anatomic landmarks, recommended reconstruction options in revision surgery, including management of bone defects and instability.Access the fully searchable contents of the book and an abundance of surgical videos online at Expert Consult.</subfield></datafield><datafield ind1=" " ind2=" " tag="588"><subfield code="a">Description based on print version record.</subfield></datafield><datafield ind1=" " ind2=" " tag="596"><subfield code="a">44</subfield></datafield><datafield ind1="1" ind2="2" tag="650"><subfield code="a">Arthroplasty, Replacement, Hip</subfield><subfield code="v">methods.</subfield></datafield><datafield ind1="2" ind2="2" tag="650"><subfield code="a">Arthroplasty, Replacement, Knee</subfield><subfield code="v">methods.</subfield></datafield><datafield ind1="2" ind2="2" tag="650"><subfield code="a">Hip Prosthesis</subfield><subfield code="x">adverse effects.</subfield></datafield><datafield ind1="2" ind2="2" tag="650"><subfield code="a">Knee Prosthesis</subfield><subfield code="x">adverse effects.</subfield></datafield><datafield ind1="2" ind2="2" tag="650"><subfield code="a">Postoperative Complications</subfield><subfield code="x">prevention &amp; control.</subfield></datafield><datafield ind1="2" ind2="2" tag="650"><subfield code="a">Reoperation</subfield><subfield code="v">methods.</subfield></datafield><datafield ind1=" " ind2="0" tag="650"><subfield code="a">Arthroplasty.</subfield></datafield><datafield ind1=" " ind2="0" tag="650"><subfield code="a">Hip joint</subfield><subfield code="x">Surgery.</subfield></datafield><datafield ind1=" " ind2="0" tag="650"><subfield code="a">Knee</subfield><subfield code="x">Surgery.</subfield></datafield><datafield ind1="1" ind2=" " tag="700"><subfield code="a">Tria, Alfred J.,</subfield><subfield code="c">Jr.,</subfield><subfield code="e">author.</subfield></datafield><datafield ind1="1" ind2=" " tag="700"><subfield code="a">Long, William J.</subfield><subfield code="q">(William John),</subfield><subfield code="e">author.</subfield></datafield><datafield ind1="1" ind2=" " tag="700"><subfield code="a">Kang, Michael N.</subfield><subfield code="q">(Michael Naejung),</subfield><subfield code="d">1973- ,</subfield><subfield code="e">author.</subfield></datafield><datafield ind1="4" ind2="0" tag="856"><subfield code="3">University of Alberta Access</subfield><subfield code="u">https://www.clinicalkey.com/dura/browse/bookChapter/3-s2.0-C20100685853</subfield><subfield code="z">(Unlimited Concurrent Users)</subfield></datafield><datafield ind1=" " ind2=" " tag="949"><subfield code="h">UAIN</subfield><subfield code="z">CKEY</subfield></datafield><datafield ind1=" " ind2=" " tag="926"><subfield code="a">Internet Access</subfield><subfield code="w">LC</subfield><subfield code="c">1</subfield><subfield code="i">6651169-1001</subfield><subfield code="l">INTERNET</subfield><subfield code="m">UAINTERNET</subfield><subfield code="r">Y</subfield><subfield code="s">Y</subfield><subfield code="t">E-RESOURCE</subfield><subfield code="u">7/30/2014</subfield><subfield code="x">E-BOOK</subfield><subfield code="z">CKEY</subfield></datafield></record>